@misc{repsol,
    author = {},
    title = {{¿Qué son las Smart Grids o redes inteligentes? | Repsol}},
    howpublished = {\url{https://www.repsol.com/es/energia-futuro/tecnologia-innovacion/smart-grids/index.cshtml}},
    year = {},
    note = {[Accessed 27-10-2023]},
}

@misc{DevelopmentFault,
    title = {{Development of a fault detection and location protection scheme based on the application of smart meters}},
    author = {Craig Mukasa},
    howpublished = {\url{https://wiredspace.wits.ac.za/items/ebb32f37-6529-488d-8558-4e4216592bb4}},
    year = {2021},
    note = {[Accessed 27-10-2023]},
}

@article{sustdata, 
    title={{SustData: A public dataset for ICT4S Electric Energy Research}}, 
    DOI={10.2991/ict4s-14.2014.44}, 
    journal={Proceedings of the 2014 conference ICT for Sustainability}, 
    author={Pereira, Lucas and Quintal, Filipe and Gonçalves, Rodolfo and Nunes, Nuno Jardim}, 
    year={2014}
} 

%citar dedenne

@misc{link,
    author = {DIP Ingeniería},
    title = {{El impacto de las Smart Grids y la evolución de la Inteligencia Artificial en las redes eléctricas}},
    howpublished = {\url{https://es.linkedin.com/pulse/el-impacto-de-las-smart-grids-y-la-evoluci%C3%B3n-inteligencia-1f}},
    year = {2023},
    note = {[Accessed 27-10-2023]},
}

@INPROCEEDINGS{faultdiag,
  author={Kaplan, Halid and Tehrani, Kambiz and Jamshidi, Mo},
  booktitle={2021 World Automation Congress (WAC)}, 
  title={{Fault Diagnosis of Smart Grids Based on Deep Learning Approach}}, 
  year={2021},
  volume={},
  number={},
  pages={164-169},
  doi={10.23919/WAC50355.2021.9559474}
}

@INPROCEEDINGS{datadriven,
  author={Rituraj, R. and Ecker, Diana and Annamaria, Varkonyi Koczy},
  booktitle={2022 IEEE 20th Jubilee International Symposium on Intelligent Systems and Informatics (SISY)}, 
  title={{Data-Driven Methods of Machine Learning in modeling the Smart Grids}}, 
  year={2022},
  volume={},
  number={},
  pages={89-96},
  doi={10.1109/SISY56759.2022.10036268}
}

@article{den2ne,
    title={{Topology-aware scalable resource management in multi-hop dense networks [Unpublished]}},
    author={Carrascal, David and Rojas, Elisa and Carral, Juan Antonio and Martinez-Yelmo, Isaias and Alvarez-Horcajo, Joaquin},
    year={2023},
}