
%%SMART GRIDS

@misc{repsol,
    author = {},
    title = {{¿Qué son las Smart Grids o redes inteligentes? | Repsol}},
    howpublished = {\url{https://www.repsol.com/es/energia-futuro/tecnologia-innovacion/smart-grids/index.cshtml}},
    year = {},
    note = {[Accessed 27-10-2023]},
}

@misc{impact,
    author = {DIP Ingeniería},
    title = {{El impacto de las Smart Grids y la evolución de la Inteligencia Artificial en las redes eléctricas}},
    howpublished = {\url{https://es.linkedin.com/pulse/el-impacto-de-las-smart-grids-y-la-evoluci%C3%B3n-inteligencia-1f}},
    year = {2023},
    note = {[Accessed 27-10-2023]},
}

@article{smartgrid_overview,
author = {Vijayapriya, Tamilmaran},
year = {2011},
month = {01},
pages = {305-311},
title = {Smart Grid: An Overview},
volume = {02},
journal = {Smart Grid and Renewable Energy},
doi = {10.4236/sgre.2011.24035}
}






@inproceedings{ioe,
author = {Shahinzadeh, Hossein and Moradi, Jalal and B. Gharehpetian, Gevork and Nafisi, Hamed and Abedi, Mehrdad},
year = {2019},
month = {02},
pages = {627-636},
title = {Internet of Energy (IoE) in Smart Power Systems},
doi = {10.1109/KBEI.2019.8735086}
}

@incollection{scada,
title = {Chapter 18 - SCADA and smart energy grid control automation},
editor = {Hossam A. Gabbar},
booktitle = {Smart Energy Grid Engineering},
publisher = {Academic Press},
pages = {481-514},
year = {2017},
isbn = {978-0-12-805343-0},
doi = {https://doi.org/10.1016/B978-0-12-805343-0.00018-8},
url = {https://www.sciencedirect.com/science/article/pii/B9780128053430000188},
author = {K. Sayed and H.A. Gabbar},
}

@misc{facts,
    title = {{FACTS, poderosos sistemas para una transmisión flexible de la energía}},
    author = {Rolf Grünbaum, Mojtaba Noroozian, Björn Thorvaldsson},
    howpublished = {\url{https://library.e.abb.com/public/89318066821a283ec1256fda003b4d40/5_1999s.pdf}},
    year = {1999},
    note = {[Accessed 04-01-2024]},
}

@incollection{facts2,
title = {Chapter 9 - The Roles of Filters in Power Systems and Unified Power Quality Conditioners},
editor = {Mohammad A.S. Masoum and Ewald F. Fuchs},
booktitle = {Power Quality in Power Systems and Electrical Machines (Second Edition)},
publisher = {Academic Press},
edition = {Second Edition},
address = {Boston},
pages = {779-886},
year = {2015},
isbn = {978-0-12-800782-2},
doi = {https://doi.org/10.1016/B978-0-12-800782-2.00009-9},
url = {https://www.sciencedirect.com/science/article/pii/B9780128007822000099},
author = {Mohammad A.S. Masoum and Ewald F. Fuchs},
}

%%%%%%%%%%%%%%%%%%%%%%%%%%%%%%%%%%%%%%%%%%%%%%%%%%%%%%%%%%%%%%%%%%%%%%%%%%%%%%%%%%%%%%%%%
%%PAPERS                %%%%%DONDE????????????????????????

@misc{DevelopmentFault,
    title = {{Development of a fault detection and location protection scheme based on the application of smart meters}},
    author = {Craig Mukasa},
    howpublished = {\url{https://wiredspace.wits.ac.za/items/ebb32f37-6529-488d-8558-4e4216592bb4}},
    year = {2021},
    note = {[Accessed 27-10-2023]},
}

@INPROCEEDINGS{faultdiag,
  author={Kaplan, Halid and Tehrani, Kambiz and Jamshidi, Mo},
  booktitle={2021 World Automation Congress (WAC)}, 
  title={{Fault Diagnosis of Smart Grids Based on Deep Learning Approach}}, 
  year={2021},
  volume={},
  number={},
  pages={164-169},
  doi={10.23919/WAC50355.2021.9559474}
}

@INPROCEEDINGS{datadriven,
  author={Rituraj, R. and Ecker, Diana and Annamaria, Varkonyi Koczy},
  booktitle={2022 IEEE 20th Jubilee International Symposium on Intelligent Systems and Informatics (SISY)}, 
  title={{Data-Driven Methods of Machine Learning in modeling the Smart Grids}}, 
  year={2022},
  volume={},
  number={},
  pages={89-96},
  doi={10.1109/SISY56759.2022.10036268}
}

@article{stab,
title = {Renewable energy management in smart grids by using big data analytics and machine learning},
journal = {Machine Learning with Applications},
volume = {9},
pages = {100363},
year = {2022},
issn = {2666-8270},
doi = {https://doi.org/10.1016/j.mlwa.2022.100363},
url = {https://www.sciencedirect.com/science/article/pii/S2666827022000597},
author = {Noha Mostafa and Haitham Saad Mohamed Ramadan and Omar Elfarouk},
}



%%%%%%%%%%%%%%%%%%%%%%%%%%%%%%%%%%%%%%%%%%%%%%%%%%%%%%%%%%%%%%%%%%%%%%%%%%%%%%%%%%%%%%%%%
%%DATOS

% article{review,
%     title = {{Review of low voltage load forecasting: Methods, applications, and recommendations}},
%     journal = {Applied Energy},
%     volume = {304},
%     pages = {117798},
%     year = {2021},
%     issn = {0306-2619},
%     doi = {https://doi.org/10.1016/j.apenergy.2021.117798},
%     url = {https://www.sciencedirect.com/science/article/pii/S0306261921011326},
%     author = {Stephen Haben and Siddharth Arora and Georgios Giasemidis and Marcus Voss and Danica {Vukadinović Greetham}},
% }

@article{sustdata, 
    title={{SustData: A public dataset for ICT4S Electric Energy Research}}, 
    DOI={10.2991/ict4s-14.2014.44}, 
    journal={Proceedings of the 2014 conference ICT for Sustainability}, 
    author={Pereira, Lucas and Quintal, Filipe and Gonçalves, Rodolfo and Nunes, Nuno Jardim}, 
    year={2014}
} 

%%%%%%%%%%%%%%%%%%%%%%%%%%%%%%%%%%%%%%%%%%%%%%%%%%%%%%%%%%%%%%%%%%%%%%%%%%%%%%%%%%%%%%%%%
%%DEN2NE

@article{den2ne,
    title={{Topology-aware scalable resource management in multi-hop dense networks [Unpublished]}},
    author={Carrascal, David and Rojas, Elisa and Carral, Juan Antonio and Martinez-Yelmo, Isaias and Alvarez-Horcajo, Joaquin},
    year={2023},
}

@misc{gitden2ne,
    author = {Rojas, Elisa},
    title = {{DEN2NE - Distributed ENergy ENvironments and NEtworks}},
    howpublished = {\url{https://github.com/NETSERV-UAH/den2ne-Alg}},
    year = {},
    publisher = {GitHub},
    note = {[Accessed 10-11-2023]},
}


%%%%%%%%%%%%%%%%%%%%%%%%%%%%%%%%%%%%%%%%%%%%%%%%%%%%%%%%%%%%%%%%%%%%%%%%%%%%%%%%%%%%%%%%%
%%HERRAMIENTAS

@INPROCEEDINGS{brite,
  author={Medina, A. and Lakhina, A. and Matta, I. and Byers, J.},
  booktitle={MASCOTS 2001, Proceedings Ninth International Symposium on Modeling, Analysis and Simulation of Computer and Telecommunication Systems}, 
  title={{BRITE: an approach to universal topology generation}}, 
  year={2001},
  volume={},
  number={},
  pages={346-353},
  doi={10.1109/MASCOT.2001.948886}
}

@misc{git,
    author = {},
    title = {{GIT}},
    howpublished = {\url{https://git-scm.com/}},
    year = {},
    note = {[Accessed 10-11-2023]},
}

@misc{visual,
    author = {},
    title = {{Visual Studio Code}},
    howpublished = {\url{https://code.visualstudio.com/}},
    year = {},
    note = {[Accessed 10-11-2023]},
}


